@Misc{mcgrath00,
author =   {Roland McGrath},
title =    {{glibc}: {GNU} C library},
howpublished = {\url{https://www.gnu.org/software/libc/}},
year = {2011},
version = {v2.13},
},
