@Misc{michaeljohnson00,
author =   {Michael K. Johnson, Stanley Scalsky},
title =    {How System Calls Work on Linux/i86},
howpublished = {\url{http://www.tldp.org/LDP/khg/HyperNews/get/syscall/syscall86.html}},
year = {1993},
},
