@manual{fork,
 title      = "fork(2) Linux User's Manual",
 author     = "Michael Kerrisk, Drew Eckhardt",
 organization  = "Linux man-pages project",
 year       = "2015",
 month      = "Feb",
}

@manual{execve,
 title      = "execve(2) Linux User's Manual",
 author        = "Drew Eckhardt, Michael Kerrisk",
 organization  = "Linux man-pages project",
 year       = "2015",
 month      = "Feb",
}