@Misc{adamchapweske00,
author =   {Adam Chapweske},
title =    {The PS/2 Mouse/Keyboard Protocol},
howpublished = {\url{http://www.computer-engineering.org/ps2protocol/}},
year = {2005/09/03},
},
