@Misc{annjansen00,
author =   {Ann Jansen, Rachel Shaver},
title =    {SATA-IO Releases SATA Revision 3.0 Specification},
howpublished = {\url{https://www.sata-io.org/sites/default/files/documents/SATA-Revision-3.0-Press-Release-FINAL-052609.pdf}},
year = {2008/08/18},
},
